@article{robin2014simvastatin,
  title={Simvastatin Promotes Adult Hippocampal Neurogenesis by Enhancing Wnt/$\beta$-Catenin Signaling},
  author={Robin, Nicholas C and Agoston, Zsuzsa and Biechele, Travis L and James, Richard G and Berndt, Jason D and Moon, Randall T},
  journal={Stem Cell Reports},
  volume={2},
  number={1},
  pages={9--17},
  year={2014},
  publisher={Cell Press}
}

@article{Clevers2006469,
title = "Wnt/Î²-Catenin Signaling in Development and Disease ",
journal = "Cell ",
volume = "127",
number = "3",
pages = "469 - 480",
year = "2006",
note = "",
issn = "0092-8674",
doi = "http://dx.doi.org/10.1016/j.cell.2006.10.018",
url = "http://www.sciencedirect.com/science/article/pii/S0092867406013444",
author = "Hans Clevers"
}

@article{bleicher2003hit,
  title={Hit and lead generation: beyond high-throughput screening},
  author={Bleicher, Konrad H and Bohm, Hans-Joachim and Muller, Klaus and lanine, Alexander I},
  journal={Nat Rev Drug Discov},
  volume={2},
  number={5},
  pages={369--378},
  year={2003},
  publisher={Nature Publishing Group},
  issn = "1474-1776",
doi = "http://dx.doi.org/10.1038/nrd1086"
}

@article{chien2009activated,
  title= {Activated Wnt/ss-catenin signaling in melanoma is associated with decreased proliferation in patient tumors and a murine melanoma model},
  volume= {106},
  url= {http://dx.doi.org/10.1073/pnas.0811902106},
  number= {4},
  journal= {Proceedings of the National Academy of Sciences},
  publisher= {Proceedings of the National Academy of Sciences},
  author= {Chien, A. J. and Moore, E. C. and Lonsdorf, A. S. and Kulikauskas, R. M. and Rothberg, B. G. and Berger, A. J. and Major, M. B. and Hwang, S. T. and Rimm, D. L. and Moon, R. T.},
  year= {2009},
  month= {Jan},
  pages= {1193-1198},
}

@article{TakahashiYanaga2013191,
title = "Activator or inhibitor? GSK-3 as a new drug target ",
journal = "Biochemical Pharmacology ",
volume = "86",
number = "2",
pages = "191 - 199",
year = "2013",
note = "",
issn = "0006-2952",
doi = "http://dx.doi.org/10.1016/j.bcp.2013.04.022",
url = "http://www.sciencedirect.com/science/article/pii/S0006295213002827",
author = "Fumi Takahashi-Yanaga",
keywords = "GSK-3",
keywords = "Signaling",
keywords = "Regulation",
keywords = "Disease",
keywords = "Drug development "
}

@article{Watanabe_Dai_2011,
  title= {Winning WNT: Race to Wnt signaling inhibitors},
  volume= {108},
  url= {http://dx.doi.org/10.1073/pnas.1103102108},
  number= {15},
  journal= {Proceedings of the National Academy of Sciences},
  publisher= {Proceedings of the National Academy of Sciences},
  author= {Watanabe, K. and Dai, X.},
  year= {2011},
  month= {Apr},
  pages= {5929-5930},
}

